@article{Xie:2013:OCD:2501654.2501657,
 author = {Xie, Jierui and Kelley, Stephen and Szymanski, Boleslaw K.},
 title = {Overlapping Community Detection in Networks: The State-of-the-art and Comparative Study},
 journal = {ACM Comput. Surv.},
 issue_date = {August 2013},
 volume = {45},
 number = {4},
 month = aug,
 year = {2013},
 issn = {0360-0300},
 pages = {43:1--43:35},
 articleno = {43},
 numpages = {35},
 url = {http://doi.acm.org/10.1145/2501654.2501657},
 doi = {10.1145/2501654.2501657},
 acmid = {2501657},
 publisher = {ACM},
 address = {New York, NY, USA},
 keywords = {Overlapping community detection, social networks},
} 

@article{FORTUNATO201075,
title = "Community detection in graphs",
journal = "Physics Reports",
volume = "486",
number = "3",
pages = "75 - 174",
year = "2010",
issn = "0370-1573",
doi = "https://doi.org/10.1016/j.physrep.2009.11.002",
url = "http://www.sciencedirect.com/science/article/pii/S0370157309002841",
author = "Santo Fortunato",
keywords = "Graphs, Clusters, Statistical physics"
}

@inproceedings{Sozio:2010:CPP:1835804.1835923,
 author = {Sozio, Mauro and Gionis, Aristides},
 title = {The Community-search Problem and How to Plan a Successful Cocktail Party},
 booktitle = {Proceedings of the 16th ACM SIGKDD International Conference on Knowledge Discovery and Data Mining},
 series = {KDD '10},
 year = {2010},
 isbn = {978-1-4503-0055-1},
 location = {Washington, DC, USA},
 pages = {939--948},
 numpages = {10},
 url = {http://doi.acm.org/10.1145/1835804.1835923},
 doi = {10.1145/1835804.1835923},
 acmid = {1835923},
 publisher = {ACM},
 address = {New York, NY, USA},
 keywords = {community detection, graph algorithms, graph mining, social networks},
} 

@inproceedings{Cui:2013:OSO:2463676.2463722,
 author = {Cui, Wanyun and Xiao, Yanghua and Wang, Haixun and Lu, Yiqi and Wang, Wei},
 title = {Online Search of Overlapping Communities},
 booktitle = {Proceedings of the 2013 ACM SIGMOD International Conference on Management of Data},
 series = {SIGMOD '13},
 year = {2013},
 isbn = {978-1-4503-2037-5},
 location = {New York, New York, USA},
 pages = {277--288},
 numpages = {12},
 url = {http://doi.acm.org/10.1145/2463676.2463722},
 doi = {10.1145/2463676.2463722},
 acmid = {2463722},
 publisher = {ACM},
 address = {New York, NY, USA},
 keywords = {community search, graph mining, social networks},
} 

@article{Li:2015:ICS:2735479.2735484,
 author = {Li, Rong-Hua and Qin, Lu and Yu, Jeffrey Xu and Mao, Rui},
 title = {Influential Community Search in Large Networks},
 journal = {Proc. VLDB Endow.},
 issue_date = {January 2015},
 volume = {8},
 number = {5},
 month = jan,
 year = {2015},
 issn = {2150-8097},
 pages = {509--520},
 numpages = {12},
 url = {http://dx.doi.org/10.14778/2735479.2735484},
 doi = {10.14778/2735479.2735484},
 acmid = {2735484},
 publisher = {VLDB Endowment},
} 